@book{吉米多维奇_2010_4477485,
    author = "吉米多维奇",
    title = "数学分析习题集",
    ISBN = "9787040254396",
    year = "2010",
    month = "7",
    publisher = "高等教育出版社"
}

@book{裴礼文_2006_4477474,
    author = "裴, 礼文",
    title = "数学分析中的典型问题与方法",
    ISBN = "9787040184549",
    year = "2006",
    month = "4",
    publisher = "高等教育出版社"
}

@book{谢惠民_2018_4477464,
    author = "谢, 惠民",
    title = "数学分析习题课讲义",
    ISBN = "9787040498516",
    year = "2018",
    month = "11",
    publisher = "高等教育出版社"
}

@book{陈纪修_2019_4477454,
    author = "陈, 纪修",
    title = "数学分析",
    year = "2019",
    publisher = "高等教育出版社"
}
